<record><leader>00000cas a22000007a 4500</leader><controlfield tag="001">22590455</controlfield><controlfield tag="008">901026d194619uucouwr ne      0    0eng d</controlfield><datafield ind1=" " ind2=" " tag="010"><subfield code="a">sn 90051850 </subfield></datafield><datafield ind1=" " ind2=" " tag="040"><subfield code="a">CNQ</subfield><subfield code="b">eng</subfield><subfield code="c">CNQ</subfield><subfield code="d">OCLCQ</subfield></datafield><datafield ind1=" " ind2=" " tag="042"><subfield code="a">msc</subfield></datafield><datafield ind1="0" ind2="4" tag="245"><subfield code="a">The Jefferson record.</subfield></datafield><datafield ind1="1" ind2="3" tag="246"><subfield code="a">Jefferson record and Wheatridge advocate</subfield></datafield><datafield ind1=" " ind2=" " tag="260"><subfield code="a">Lakewood, Colo. :</subfield><subfield code="b">Bob Wier</subfield></datafield><datafield ind1=" " ind2=" " tag="300"><subfield code="a">v.</subfield></datafield><datafield ind1=" " ind2=" " tag="310"><subfield code="a">Weekly</subfield></datafield><datafield ind1="1" ind2=" " tag="362"><subfield code="a">Began in Mar. 1946?</subfield></datafield><datafield ind1=" " ind2=" " tag="530"><subfield code="a">Available on microfilm from the Colorado Historical Society.</subfield></datafield><datafield ind1=" " ind2=" " tag="588"><subfield code="a">Description based on: Vol. 7, no. 18 (June 19, 1952).</subfield></datafield><datafield ind1=" " ind2=" " tag="752"><subfield code="a">United States</subfield><subfield code="b">Colorado</subfield><subfield code="c">Jefferson</subfield><subfield code="d">Lakewood.</subfield></datafield><datafield ind1=" " ind2=" " tag="752"><subfield code="a">United States</subfield><subfield code="b">Colorado</subfield><subfield code="c">Jefferson</subfield><subfield code="d">Wheat Ridge.</subfield></datafield><datafield ind1="0" ind2="5" tag="780"><subfield code="t">Wheat Ridge advocate</subfield><subfield code="w">(DLC)sn 90099903</subfield></datafield></record>